@book{antifragile,
    title={Antifragile: Things That Gain From Disorder},
    author={Nassim Nicholas Taleb},
    publisher={Penguin Books},
    year={2012}
}