@misc{angular_components,
    title={Angular {M}aterial: {C}omponents},
    note={\url{https://material.angular.io/components}, last accessed on 06/05/19},
    key={angular_components}
}