@misc{owasp_xss,
    title={Top 10-2017 {A}7-{C}ross-{S}ite {S}cripting ({X}{S}{S})},
    year={2017},
    note={\url{https://www.owasp.org/index.php/Top_10-2017_A7-Cross-Site_Scripting_(XSS)}, last accessed on 26/05/2019},
    key={owasp_xss}
}

@misc{owasp_sanitize,
    title={Data {V}alidation: {S}anitize},
    note={\url{https://www.owasp.org/index.php/Data_Validation#Sanitize}, last accessed on 26/05/2019},
    key={owasp_sanitize}
}

