@misc{angular_components,
    title={Angular {M}aterial: {C}omponents},
    note={\url{https://material.angular.io/components}, last accessed on 06/05/19},
    key={angular_components}
}

@misc{angular_getting_started,
    title={Angular: {G}etting started,
    note={\url{https://angular.io/guide/quickstart}, last accessed on 06/05/19},
    key={angular_getting_started}
}

@misc{angular_reactive_forms,
    title={Angular: {R}eactive {F}orms},
    note={\url{https://angular.io/guide/reactive-forms}, last accessed on 06/05/19},
    key={angular_reactive_forms}
}

@misc{postgre_insert,
    title={Postgre{S}{Q}{L} 9.5.17 {D}ocumentation: {I}nsert},
    note={\url{https://www.postgresql.org/docs/9.5/sql-insert.html}, last accessed on 06/05/19},
    key={postgre_insert}
}