@unpublished{manifesto,
    title={Manifesto for {A}gile {S}oftware {D}evelopment},
    author={Kent Beck and Mike Beedle and Arie van Bennekum and Alistair Cockburn and Ward Cunningham and Martin Fowler and James Grenning and Jim Highsmith and Andrew Hunt and Ron Jeffries and Jon Kern and Brian Marick and Robert C. Martin and Steve Mellor and Ken Schwaber and Jeff Sutherland and Dave Thomas},
    year={2001},
    note={\url{http://agilemanifesto.org/}, last accessed on 06/05/19}
}

@misc{swdev,
    title={What is {A}gile {S}oftware {D}evelopment?},
    author={{Agile Alliance}},
    year={2013},
    note={\url{https://www.agilealliance.org/agile101/}, last accessed on 06/05/19}
}

@article{agile_fowler,
    title={The {N}ew {M}ethodology},
    author={Martin Fowler},
    year={2005},
    note={\url{https://www.researchgate.net/publication/225478666_The_New_Methodology}, last accessed on 06/05/19},
    journal={Wuhan University Journal of Natural Sciences}
}

@misc{agile_survey,
    title={The 12th annual {S}tate of {A}gile {R}eport},
    note={\url{https://explore.versionone.com/state-of-agile/versionone-12th-annual-state-of-agile-report}, last accessed on 06/05/19},
    key={agile_survey}
}

@book{xp_explained,
    author={Kent Beck and Cynthia Andres},
    title={Extreme {P}rogramming {E}xplained: {E}mbrace {C}hange},
    publisher={O'Reilly Media},
    year={2004}
}

@unpublished{xp_intro,
    title={Extreme {P}rogramming: {A} {G}entle {I}ntroduction},
    author={Don C. Wells},
    year={2003},
    note={\url{https://www.researchgate.net/publication/246155995_Extreme_Programming_A_Gentle_Introduction}, last accessed on 06/05/19}
}

@article{pair_prog,
    title={Integrating {P}air {P}rogramming into a {S}oftware {D}evelopment {P}rocess},
    author={Laurie Williams},
    year={2001},
    note={\url{https://dl.acm.org/citation.cfm?id=794899}, last accessed on 06/05/19},
    journal={CSEET '01 Proceedings of the 14th Conference on Software Engineering Education and Training}
}

@unpublished{xp_early,
    title={Never {A}dd {F}unctionality {E}arly},
    author={Don Wells},
    year={1999},
    note={\url{http://www.extremeprogramming.org/rules/early.html}, last accessed on 06/05/19}
}

@article{tdd_dp,
    title={Test {D}riven {D}evelopment: {A}dvancing {K}nowledge by {C}onjecture and {C}onfirmation},
    author={David Parsons and Ramesh Lal and Manfred Lange},
    year={2011},
    note={\url{https://www.researchgate.net/publication/220103002_Test_Driven_Development_Advancing_Knowledge_by_Conjecture_and_Confirmation}, last accessed on 06/05/19},
    journal={Future Internet}
}

@book{tdd_example,
    title={Test Driven Development: By Example},
    author={Kent Beck},
    publisher={O'Reilly Media},
    year={2002}
}

@book{lc_effectively,
    title={Working Effectively with Legacy Code},
    author={Michael C. Feathers},
    publisher={Prentice Hall PTR},
    year={2005}
}

@book{clean_code,
    title={Clean Code. A Handbook of Agile Software Craftsmanship},
    author={Robert C. Martin},
    publisher={Prentice Hall PTR},
    year={2009}
}

@book{ref_ec,
    title={Refactoring: Improving the Design of Existing Code},
    author={Martin Fowler and Kent Beck and John Brant and William Opdyke and Don Roberts},
    publisher={Reading, MA : Addison-Wesley},
    year={1999}
}

@unpublished{ref_debt,
    title={Ward {E}xplains {D}ebt {M}etaphor},
    author={Ward Cunningham},
    year={1992},
    note={\url{http://wiki.c2.com/?WardExplainsDebtMetaphor}, last accessed on 06/05/19}
}

@article{knuth_goto,
    title={Structured {P}rogramming with go to {S}tatements},
    author={Donald E. Knuth},
    year={1974},
    note={\url{https://dl.acm.org/citation.cfm?id=356640}},
    journal={ACM Computing Surveys (CSUR), last accessed on 06/05/19}
}

@article{xp_howto,
    title={Extreme {P}rogramming},
    author={Lee Copeland},
    year={2001},
    journal={Computerworld},
    note={\url{https://www.computerworld.com/article/2585634/app-development/extreme-programming.html}, last accessed on 06/05/19}
}

@mastersthesis{mt_krajc,
    title={Webové vývojové prostredie pre jazyk {C}++},
    author={Daniel Krajč},
    year={2010},
    school={Univerzita Komenského v Bratislave. Fakulta matematiky, fyziky a informatiky. Katedra aplikovanej informatiky}
}

@misc{bt_bocinec,
    title={Webová výuka programovania pomocou metodológie {T}{D}{D}},
    author={Tomáš Bočinec},
    year={2018},
    school={Univerzita Komenského v Bratislave. Fakulta matematiky, fyziky a informatiky. Katedra aplikovanej informatiky}
}

@misc{codecademy,
    title={Codecademy web page: {A}bout},
    key={codecademy},
    note={\url{https://www.codecademy.com/about}, last accessed on 06/05/19}
}

@misc{feecodecamp,
    title={free{C}ode{C}amp web page: {A}bout},
    key={feecodecamp},
    note={\url{https://about.freecodecamp.org/}, last accessed on 06/05/19}
}

@unpublished{rj_3c,
    title={Essential {X}{P}: {C}ard, {C}onversation, {C}onfirmation},
    author={Ron Jeffries},
    note={\url{http://ronjeffries.com/xprog/articles/expcardconversationconfirmation/}, last accessed on 06/05/19}
}

@manual{spring_boot,
    title={Spring {B}oot: {O}verview},
    key={spring_boot},
    note={\url{http://spring.io/projects/spring-boot}, last accessed on 06/05/19}
}

@manual{spring_data,
    title={Spring {D}ata: {O}verview},
    key={spring_data},
    note={\url{http://spring.io/projects/spring-data}, last accessed on 06/05/19}
}

@manual{maven,
    title={Apache Maven Project: What is {M}aven?},
    key={maven},
    note={\url{https://maven.apache.org/what-is-maven.html}, last accessed on 06/05/19}
}

@manual{jpa,
    title={The {J}ava {E}{E} 6 {T}utorial},
    key={jpa},
    note={\url{https://docs.oracle.com/javaee/6/tutorial/doc/bnbpy.html}, last accessed on 06/05/19}
}

@manual{angular,
    title={Angular {G}uide},
    key={angular},
    note={\url{https://angular.io/guide/}, last accessed on 06/05/19}
}

@manual{angular_cli,
    title={Angular {G}uide},
    key={angular_cli},
    note={\url{https://angular.io/cli}, last accessed on 06/05/19}
}

@manual{sass,
    title={Sass basics},
    key={sass},
    note={\url{https://sass-lang.com/guide}, last accessed on 06/05/19}
}
